% Encoding: UTF-8

@Misc{arricorpinfo,
  author       = {ARRI},
  title        = {{About ARRI}},
  howpublished = {Webseite},
  note         = {Accessed 2019-09-06},
  timestamp    = {2019-09-06},
  url          = {https://www.arri.com/en/company/about-arri},
}


@Book{corbet2005linux,
  title     = {{Linux Device Drivers: Where the Kernel Meets the Hardware}},
  publisher = {O'Reilly Media, Inc.},
  year      = {2005},
  author    = {Corbet, Jonathan and Rubini, Alessandro and Kroah-Hartman, Greg},
  url       = {https://free-electrons.com/doc/books/ldd3.pdf},
}

@book{schroder2009embedded,
	title={Embedded Linux: Das Praxisbuch},
	author={Schr{\"o}der, Joachim and Gockel, Tilo and Dillmann, R{\"u}diger},
	year={2009},
	publisher={Springer-Verlag}
}

@misc{salzman2007linux,
	title={The linux kernel module programming guide},
	author={Salzman, Peter Jay and Burian, Michael and Pomerantz, Ori},
	year={2007}
}

@Misc{corbetplatform,
	author       = {Jonathan Corbet},
	title        = {The platform device API},
	howpublished = {Webseite},
	note         = {Accessed 2019-09-13},
	timestamp    = {2019-09-13},
	url          = {https://lwn.net/Articles/448499/},
}

%check
@book{plotner2012linux,
	title={Linux: das umfassende Handbuch;},
	author={Pl{\"o}tner, Johannes and Wendzel, Steffen},
	year={2012},
	publisher={Galileo Press}
}

@book{quade2015linux,
	title={Linux-Treiber entwickeln: eine systematische Einf{\"u}hrung in die Ger{\"a}tetreiber-und Kernelprogrammierung-jetzt auch f{\"u}r Raspberry Pi},
	author={Quade, J{\"u}rgen and Kunst, Eva-Katharina},
	year={2015},
	publisher={Dpunkt. verlag}
}

@Comment{jabref-meta: databaseType:bibtex;}
